% Encoding: UTF-8


@article{Karolczuk,
  title={Sprzeczno{\'s}ci w funkcjonowaniu demokracji ate{\'n}skiej},
  author={Karolczuk, Edward and others},
  journal={Sztuka i Dokumentacja},
  number={16},
  pages={29--47},
  year={2017},
  publisher={Akademia Sztuk Pi{\k{e}}knych w Gda{\'n}sku}
}


@Book{Górski,
  Title                    = {Historia ustrojów państw},
  Author                   = {G. Górski}, 
  Year                     = {2001},
  Publisher                = {Jagielloński Instytut Wydawniczy}
 % Pages                    = {27-35, 38-48, 62-68, 97-102, 111-113, 161-208, 278-300}
}
 
@article{Kamiński,
  title={Metody g{\l}osowania w okr{\k{e}}gach jednomandatowych i ich w{\l}asno{\'s}ci},
  author={Kami{\'n}ski, Marek and others},
  journal={Decyzje},
  number={23},
  pages={105--122},
  year={2015},
  publisher={Akademia Leona Ko{\'z}mi{\'n}skiego}
}

@article{Urbańczyk,
  title={Alternatywne ordynacje wyborcze. Przyk{\l}ad Australii i Irlandii},
  author={Urba{\'n}czyk, Micha{\l} and others},
  journal={Opolskie Studia Administracyjno-Prawne},
  volume={14},
  number={3},
  pages={193--207},
  year={2016},
  publisher={Uniwersytet Opolski},
  pages = {193-207}

}


@mastersthesis{Kwiatkowski,
  title={Jednomandatowe okr{\k{e}}gi wyborcze w kontek{\'s}cie spersonalizowanego systemu proporcjonalnego na przyk{\l}adzie Wielkiej Brytanii i Irlandii},
  author={Kwiatkowski, Karol Krzysztof},
  year={2019},
  Pages                    = {58-61}
}


@article{Myśliwiec,
  title={System partyjny V Republiki Francuskiej},
  author={My{\'s}liwiec, Ma{\l}gorzata},
  journal={Studia Politicae Universitatis Silesiensis},
  volume={3},
  year={2007}
}

@Article{Łeń,
  Title                    = {Jak wykryć salamandrę?},
  Author                   = {A. Łeń and M. Michorzewski}, 
  Year                     = {2018},
  Publisher                = {Delta}
}

@article{Pierzgalski,
  title={Gerrymandering, czyli manipulowanie struktur{\k{a}} granic okr{\k{e}}g{\'o}w wyborczych},
  author={Pierzgalski, Micha{\l} and others},
  journal={Studia Socjologiczne},
  volume={218},
  number={3},
  pages={7--39},
  year={2015},
  publisher={Instytut Filozofii i Socjologii Polskiej Akademii Nauk}
}

@article{Cabaj,
  title={Demokracja w uj{\k{e}}ciu og{\'o}lnym-podstawowe informacje},
  author={Cabaj, Katarzyna and Hurko, Sylwia and Jastrz{\k{e}}bska, Emilia and Kowalczyk, Paulina and Kurek, Joanna},
  year={2013},
  publisher={Wydawnictwo Uniwersytetu Przyrodniczo-Humanistycznego w Siedlcach}
}

@article{Wilczyński,
  title={Problemy delimitacji i podzia{\l} Polski na 460 okr{\k{e}}g{\'o}w wyborczych w proponowanej jednomandatowej i mieszanej ordynacji sejmowej},
  author={Wilczynski, PL and Zastawny, A},
  journal={Prace i Studia Geograficzne},
  number={54},
  year={2014}
}

@article{Wolnicki,
  title={Polacy wobec jednomandatowych okr{\k{e}}g{\'o}w wyborczych},
  author={Wolnicki, Jan},
  journal={Political Preferences},
  number={1},
  year={2010}
}

@article{Baston,
    title={How pressing is the case for further equalisation of constituency electorates?},
    author={Baston, Lewis},
    publisher={Democratic Audit},
    month={December},
    year={2010}
}




